<record><leader>00000cas a22000007a 4500</leader><controlfield tag="001">14874610</controlfield><controlfield tag="008">861125d18891987iaumr ne      0   a0eng d</controlfield><datafield ind1=" " ind2=" " tag="010"><subfield code="a">sn 86060261 </subfield></datafield><datafield ind1=" " ind2=" " tag="040"><subfield code="a">INP</subfield><subfield code="b">eng</subfield><subfield code="c">INP</subfield><subfield code="d">NSD</subfield><subfield code="d">INP</subfield><subfield code="d">NSD</subfield><subfield code="d">INP</subfield><subfield code="d">OCLCQ</subfield></datafield><datafield ind1=" " ind2=" " tag="012"><subfield code="j">0</subfield><subfield code="m">d</subfield></datafield><datafield ind1="1" ind2=" " tag="022"><subfield code="a">0893-0740</subfield><subfield code="l">0893-0740</subfield><subfield code="2">1</subfield></datafield><datafield ind1=" " ind2=" " tag="037"><subfield code="b">The Pomeroy Herald, 204 W. 1st St., P.O. Box 279, Pomeroy, IA 50575-0279</subfield></datafield><datafield ind1=" " ind2=" " tag="042"><subfield code="a">msc</subfield><subfield code="a">nsdp</subfield></datafield><datafield ind1=" " ind2="4" tag="222"><subfield code="a">The Pomeroy herald</subfield></datafield><datafield ind1="0" ind2="4" tag="245"><subfield code="a">The Pomeroy herald.</subfield></datafield><datafield ind1=" " ind2=" " tag="260"><subfield code="a">Pomeroy, Calhoun County, Iowa :</subfield><subfield code="b">G.W. Wilkenson,</subfield><subfield code="c">-1987.</subfield></datafield><datafield ind1=" " ind2=" " tag="300"><subfield code="a">v. :</subfield><subfield code="b">ill.</subfield></datafield><datafield ind1=" " ind2=" " tag="310"><subfield code="a">Weekly</subfield></datafield><datafield ind1="1" ind2=" " tag="362"><subfield code="a">Began Mar. 21, 1889.</subfield></datafield><datafield ind1="0" ind2=" " tag="362"><subfield code="a">-v. 99, no. 24 (Oct. 1, 1987).</subfield></datafield><datafield ind1=" " ind2=" " tag="500"><subfield code="a">Publisher varies.</subfield></datafield><datafield ind1=" " ind2=" " tag="500"><subfield code="a">Suspended with v. 98, no. 46 (Feb. 5, 1987)--issue; resumed with v. 98, no. 47 (Mar. 12, 1987) issue.</subfield></datafield><datafield ind1=" " ind2=" " tag="588"><subfield code="a">Description based on: Vol. 1, no. 3 (Apr. 4, 1889).</subfield></datafield><datafield ind1=" " ind2=" " tag="588"><subfield code="a">Latest issue consulted: Vol. 98, no. 47 (Thursday, Mar. 12, 1987).</subfield></datafield><datafield ind1=" " ind2=" " tag="752"><subfield code="a">United States</subfield><subfield code="b">Iowa</subfield><subfield code="c">Calhoun</subfield><subfield code="d">Pomeroy.</subfield></datafield><datafield ind1="0" ind2="5" tag="780"><subfield code="t">Pomeroy gleaner</subfield><subfield code="w">(DLC)sn 87057010</subfield></datafield><datafield ind1="0" ind2="7" tag="785"><subfield code="t">Manson journal (Manson, Iowa : 1928)</subfield><subfield code="w">(DLC)sn 86060263</subfield><subfield code="w">(OCoLC)14874925</subfield></datafield><datafield ind1="0" ind2="7" tag="785"><subfield code="t">Calhoun County journal-herald</subfield><subfield code="x">0899-8752</subfield><subfield code="w">(DLC)sn 87057649</subfield><subfield code="w">(OCoLC)16897972</subfield></datafield></record>